@String(PAMI = {IEEE Trans. Pattern Anal. Mach. Intell.})
@String(IJCV = {Int. J. Comput. Vis.})
@String(CVPR= {IEEE Conf. Comput. Vis. Pattern Recog.})
@String(ICCV= {Int. Conf. Comput. Vis.})
@String(ECCV= {Eur. Conf. Comput. Vis.})
@String(NIPS= {Adv. Neural Inform. Process. Syst.})
@String(ICPR = {Int. Conf. Pattern Recog.})
@String(BMVC= {Brit. Mach. Vis. Conf.})
@String(TOG= {ACM Trans. Graph.})
@String(TIP  = {IEEE Trans. Image Process.})
@String(TVCG  = {IEEE Trans. Vis. Comput. Graph.})
@String(TMM  = {IEEE Trans. Multimedia})
@String(ACMMM= {ACM Int. Conf. Multimedia})
@String(ICME = {Int. Conf. Multimedia and Expo})
@String(ICASSP=	{ICASSP})
@String(ICIP = {IEEE Int. Conf. Image Process.})
@String(ACCV  = {ACCV})
@String(ICLR = {Int. Conf. Learn. Represent.})
@String(IJCAI = {IJCAI})
@String(PR   = {Pattern Recognition})
@String(AAAI = {AAAI})
@String(CVPRW= {IEEE Conf. Comput. Vis. Pattern Recog. Worksh.})
@String(CSVT = {IEEE Trans. Circuit Syst. Video Technol.})

@String(SPL	= {IEEE Sign. Process. Letters})
@String(VR   = {Vis. Res.})
@String(JOV	 = {J. Vis.})
@String(TVC  = {The Vis. Comput.})
@String(JCST  = {J. Comput. Sci. Tech.})
@String(CGF  = {Comput. Graph. Forum})
@String(CVM = {Computational Visual Media})


@String(PAMI  = {IEEE TPAMI})
@String(IJCV  = {IJCV})
@String(CVPR  = {CVPR})
@String(ICCV  = {ICCV})
@String(ECCV  = {ECCV})
@String(NIPS  = {NeurIPS})
@String(ICPR  = {ICPR})
@String(BMVC  =	{BMVC})
@String(TOG   = {ACM TOG})
@String(TIP   = {IEEE TIP})
@String(TVCG  = {IEEE TVCG})
@String(TCSVT = {IEEE TCSVT})
@String(TMM   =	{IEEE TMM})
@String(ACMMM = {ACM MM})
@String(ICME  =	{ICME})
@String(ICASSP=	{ICASSP})
@String(ICIP  = {ICIP})
@String(ACCV  = {ACCV})
@String(ICLR  = {ICLR})
@String(IJCAI = {IJCAI})
@String(PR = {PR})
@String(AAAI = {AAAI})
@String(CVPRW= {CVPRW})
@String(CSVT = {IEEE TCSVT})

%ntire iqa
@inproceedings{gu2022ntire,
  title={NTIRE 2022 challenge on perceptual image quality assessment},
  author={Gu, Jinjin and Cai, Haoming and Dong, Chao and Ren, Jimmy S and Timofte, Radu and Gong, Yuan and Lao, Shanshan and Shi, Shuwei and Wang, Jiahao and Yang, Sidi and others},
  booktitle={Proceedings of the IEEE/CVF conference on computer vision and pattern recognition},
  pages={951--967},
  year={2022}
}

@misc{libaom_tune_vmaf,
  title        = {Add new mode tune=vmaf},
  author       = {Sai Deng},
  year         = 2020,
  publisher    = {Google Git commit 615dc24579d531cb3a2c9627ab25a3026f9e2b47}
}

@misc{lcevc_tune_vmaf,
  title        = {FFmpeg with LCEVC},
  author       = {V-Nova},
  year         = 2023,
  publisher    = {https://docs.v-nova.com/}
}

%--tune=vmaf
@inproceedings{deng2020vmaf,
  title={Vmaf based rate-distortion optimization for video coding},
  author={Deng, Sai and Han, Jingning and Xu, Yaowu},
  booktitle={2020 IEEE 22nd International Workshop on Multimedia Signal Processing (MMSP)},
  pages={1--6},
  year={2020},
  organization={IEEE}
}

@inproceedings{zvezdakova2019hacking,
  title={Hacking VMAF with video color and contrast distortion},
  author={Zvezdakova, A and Zvezdakov, S and Kulikov, D and Vatolin, D},
  booktitle={CEUR Workshop Proceedings},
  pages={53--57},
  year={2019}
}

%только arxiv
@article{kettunen2019lpips,
  title={E-lpips: robust perceptual image similarity via random transformation ensembles},
  author={Kettunen, Markus and H{\"a}rk{\"o}nen, Erik and Lehtinen, Jaakko},
  journal={arXiv preprint arXiv:1906.03973},
  year={2019}
}

@article{guan2020collaborative,
  title={Collaborative learning for faster stylegan embedding},
  author={Guan, Shanyan and Tai, Ying and Ni, Bingbing and Zhu, Feida and Huang, Feiyue and Yang, Xiaokang},
  journal={arXiv preprint arXiv:2007.01758},
  year={2020}
}

@inproceedings{mustafa2022training,
  title={Training a Task-Specific Image Reconstruction Loss},
  author={Mustafa, Aamir and Mikhailiuk, Aliaksei and Iliescu, Dan Andrei and Babbar, Varun and Mantiuk, Rafa{\l} K},
  booktitle={2022 IEEE/CVF Winter Conference on Applications of Computer Vision (WACV)},
  pages={21--30},
  year={2022},
  organization={IEEE}
}

@INPROCEEDINGS{jo2020inversigating,
  author={Jo, Younghyun and Yang, Sejong and Kim, Seon Joo},
  booktitle={2020 IEEE/CVF Conference on Computer Vision and Pattern Recognition Workshops (CVPRW)}, 
  title={Investigating Loss Functions for Extreme Super-Resolution}, 
  year={2020},
  volume={},
  number={},
  pages={1705-1712},
  doi={10.1109/CVPRW50498.2020.00220}}

@inproceedings{siniukov2021hacking,
  title={Hacking VMAF and VMAF NEG: vulnerability to different preprocessing methods},
  author={Siniukov, Maksim and Antsiferova, Anastasia and Kulikov, Dmitriy and Vatolin, Dmitriy},
  booktitle={2021 4th Artificial Intelligence and Cloud Computing Conference},
  pages={89--96},
  year={2021}
}

@inproceedings{Shumitskaya_2022_BMVC,
author    = {Ekaterina Shumitskaya and Anastasia Antsiferova and Dmitriy S Vatolin},
title     = {Universal Perturbation Attack on Differentiable No-Reference Image- and Video-Quality Metrics},
booktitle = {33rd British Machine Vision Conference 2022, {BMVC} 2022, London, UK, November 21-24, 2022},
publisher = {{BMVA} Press},
year      = {2022},
url       = {https://bmvc2022.mpi-inf.mpg.de/0790.pdf}
}

@article{ding2021comparison,
  title={Comparison of full-reference image quality models for optimization of image processing systems},
  author={Ding, Keyan and Ma, Kede and Wang, Shiqi and Simoncelli, Eero P},
  journal={International Journal of Computer Vision},
  volume={129},
  pages={1258--1281},
  year={2021},
  publisher={Springer}
}

%NTIRE SR
@INPROCEEDINGS{9857235,
  author={Bhat, Goutam and Danelljan, Martin and Timofte, Radu and Cao, Yizhen and Cao, Yuntian and Chen, Meiya and Chen, Xihao and Cheng, Shen and Dudhane, Akshay and Fan, Haoqiang and Gang, Ruipeng and Gao, Jian and Gu, Yan and Huang, Jie and Huang, Liufeng and Jo, Youngsu and Kang, Sukju and Khan, Salman and Shahbaz Khan, Fahad and Kondo, Yuki and Li, Chenghua and Li, Fangya and Li, Jinjing and Li, Youwei and Li, Zechao and Liu, Chenming and Liu, Shuaicheng and Liu, Zikun and Liu, Zhuoming and Luo, Ziwei and Luo, Zhengxiong and Mehta, Nancy and Murala, Subrahmanyam and Nam, Yoonchan and Nakatani, Chihiro and Ostyakov, Pavel and Pan, Jinshan and Song, Ge and Sun, Jian and Sun, Long and Tang, Jinhui and Ukita, Norimichi and Wen, Zhihong and Wu, Qi and Wu, Xiaohe and Xiao, Zeyu and Xiong, Zhiwei and Xu, Rongjian and Xu, Ruikang and Yan, Youliang and Yang, Jialin and Yang, Wentao and Yang, Zhongbao and Yasue, Fuma and Yao, Mingde and Yu, Lei and Zhang, Cong and Waqas Zamir, Syed and Zhang, Jianxing and Zhang, Shuohao and Zhang, Zhilu and Zheng, Qian and Zhou, Gaofeng and Zhussip, Magauiya and Zou, Xueyi and Zuo, Wangmeng},
  booktitle={2022 IEEE/CVF Conference on Computer Vision and Pattern Recognition Workshops (CVPRW)}, 
  title={NTIRE 2022 Burst Super-Resolution Challenge}, 
  year={2022},
  volume={},
  number={},
  pages={1040-1060},
  doi={10.1109/CVPRW56347.2022.00117}}
%ntire metrics 2021
@INPROCEEDINGS{9522906,
  author={Gu, Jinjin and Cai, Haoming and Dong, Chao and Ren, Jimmy S. and Qiao, Yu and Gu, Shuhang and Timofte, Radu and Cheon, Manri and Yoon, Sungjun and Kang, Byungyeon Kangg and Lee, Junwoo and Zhang, Qing and Guo, Haiyang and Bin, Yi and Hou, Yuqing and Luo, Hengliang and Guo, Jingyu and Wang, Zirui and Wang, Hai and Yang, Wenming and Bai, Qingyan and Shi, Shuwei and Xia, Weihao and Cao, Mingdeng and Wang, Jiahao and Chen, Yifan and Yang, Yujiu and Li, Yang and Zhang, Tao and Feng, Longtao and Liao, Yiting and Li, Junlin and Thong, William and Pereira, Jose Costa and Leonardis, Ales and McDonagh, Steven and Xu, Kele and Yang, Lehan and Cai, Hengxing and Sun, Pengfei and Ayyoubzadeh, Seyed Mehdi and Royat, Ali and Fezza, Sid Ahmed and Hammou, Dounia and Hamidouche, Wassim and Ahn, Sewoong and Yoon, Gwangjin and Tsubota, Koki and Akutsu, Hiroaki and Aizawa, Kiyoharu},
  booktitle={2021 IEEE/CVF Conference on Computer Vision and Pattern Recognition Workshops (CVPRW)}, 
  title={NTIRE 2021 Challenge on Perceptual Image Quality Assessment}, 
  year={2021},
  volume={},
  number={},
  pages={677-690},
  doi={10.1109/CVPRW53098.2021.00077}}
  
%пока только arxiv
@article{lyapustin_towards,
title={Towards True Detail Restoration for Super-Resolution: A Benchmark and a Quality Metric},
author={Lyapustin, Eugene and Kirillova, Anastasia and Meshchaninov, Viacheslav and Zimin, Evgeney and Karetin, Nikolai and Vatolin, Dmitriy},
journal={arXiv preprint arXiv:2203.08923},
year={2022}
}

%новая статья про атаки на FR метрики
@article{ghildyal2023attacking,
  title={Attacking Perceptual Similarity Metrics},
  author={Ghildyal, Abhijay and Liu, Feng},
  journal={arXiv preprint arXiv:2305.08840},
  year={2023}
}

%one pixel attack
@article{su2019one,
  title={One pixel attack for fooling deep neural networks},
  author={Su, Jiawei and Vargas, Danilo Vasconcellos and Sakurai, Kouichi},
  journal={IEEE Transactions on Evolutionary Computation},
  volume={23},
  number={5},
  pages={828--841},
  year={2019},
  publisher={IEEE}
}

@inproceedings{zhang2021benchmarking,
  title={Benchmarking ultra-high-definition image super-resolution},
  author={Zhang, Kaihao and Li, Dongxu and Luo, Wenhan and Ren, Wenqi and Stenger, Bj{\"o}rn and Liu, Wei and Li, Hongdong and Yang, Ming-Hsuan},
  booktitle={Proceedings of the IEEE/CVF international conference on computer vision},
  pages={14769--14778},
  year={2021}
}


@inproceedings{DBLP:journals/corr/GoodfellowSS14,
  author       = {Ian J. Goodfellow and
                  Jonathon Shlens and
                  Christian Szegedy},
  editor       = {Yoshua Bengio and
                  Yann LeCun},
  title        = {Explaining and Harnessing Adversarial Examples},
  booktitle    = {3rd International Conference on Learning Representations, {ICLR} 2015,
                  San Diego, CA, USA, May 7-9, 2015, Conference Track Proceedings},
  year         = {2015},
  url          = {http://arxiv.org/abs/1412.6572},
  timestamp    = {Thu, 25 Jul 2019 14:25:38 +0200},
  biburl       = {https://dblp.org/rec/journals/corr/GoodfellowSS14.bib},
  bibsource    = {dblp computer science bibliography, https://dblp.org}
}

@incollection{kurakin2018adversarial,
  title={Adversarial examples in the physical world},
  author={Kurakin, Alexey and Goodfellow, Ian J and Bengio, Samy},
  booktitle={Artificial intelligence safety and security},
  pages={99--112},
  year={2018},
  publisher={Chapman and Hall/CRC}
}

@article{madry2017towards,
  title={Towards deep learning models resistant to adversarial attacks},
  author={Madry, Aleksander and Makelov, Aleksandar and Schmidt, Ludwig and Tsipras, Dimitris and Vladu, Adrian},
  journal={arXiv preprint arXiv:1706.06083},
  year={2017}
}

@inproceedings{dong2018boosting,
  title={Boosting adversarial attacks with momentum},
  author={Dong, Yinpeng and Liao, Fangzhou and Pang, Tianyu and Su, Hang and Zhu, Jun and Hu, Xiaolin and Li, Jianguo},
  booktitle={Proceedings of the IEEE conference on computer vision and pattern recognition},
  pages={9185--9193},
  year={2018}
}

@article{sang4112969generation,
  title={On the Generation of Adversarial Samples for Image Quality Assessment},
  author={Sang, Qingbing and Zhang, Hongguo and Liu, Lixiong and Wu, Xiaojun and Bovik, Alan},
  journal={Available at SSRN 4112969}
}

%korhonen attack
@inproceedings{korhonen2022adversarial,
  title={Adversarial Attacks Against Blind Image Quality Assessment Models},
  author={Korhonen, Jari and You, Junyong},
  booktitle={Proceedings of the 2nd Workshop on Quality of Experience in Visual Multimedia Applications},
  pages={3--11},
  year={2022}
}
%zhang attack
@article{zhang2022perceptual,
  title={Perceptual Attacks of No-Reference Image Quality Models with Human-in-the-Loop},
  author={Zhang, Weixia and Li, Dingquan and Min, Xiongkuo and Zhai, Guangtao and Guo, Guodong and Yang, Xiaokang and Ma, Kede},
  journal={arXiv preprint arXiv:2210.00933},
  year={2022}
}

%% METRICS

@article{ssim,
    author = {Wang, Zhou and Bovik, Alan and Sheikh, Hamid and Simoncelli, Eero},
    year = {2004},
    month = {05},
    pages = {600 - 612},
    title = {Image Quality Assessment: From Error Visibility to Structural Similarity},
    volume = {13},
    journal = {Image Processing, IEEE Transactions on},
    doi = {10.1109/TIP.2003.819861}
}

% second benchmark
@article{li2021user,
  title={User-generated video quality assessment: A subjective and objective study},
  author={Li, Yang and Meng, Shengbin and Zhang, Xinfeng and Wang, Meng and Wang, Shiqi and Wang, Yue and Ma, Siwei},
  journal={IEEE Transactions on Multimedia},
  year={2021},
  publisher={IEEE}
}
%UGC-VQA
@inproceedings{tu2021video,
  title={Video Quality Assessment of User Generated Content: A Benchmark Study and a New Model},
  author={Tu, Zhengzhong and Chen, Chia-Ju and Wang, Yilin and Birkbeck, Neil and Adsumilli, Balu and Bovik, Alan C},
  booktitle={2021 IEEE International Conference on Image Processing (ICIP)},
  pages={1409--1413},
  year={2021},
  organization={IEEE}
}

@inproceedings{ying2020patches,
  title={From patches to pictures (PaQ-2-PiQ): Mapping the perceptual space of picture quality},
  author={Ying, Zhenqiang and Niu, Haoran and Gupta, Praful and Mahajan, Dhruv and Ghadiyaram, Deepti and Bovik, Alan},
  booktitle={Proceedings of the IEEE/CVF Conference on Computer Vision and Pattern Recognition},
  pages={3575--3585},
  year={2020}
}
%vif
@inproceedings{sheikh2005visual,
  title={A visual information fidelity approach to video quality assessment},
  author={Sheikh, Hamid R and Bovik, Alan C},
  booktitle={The first international workshop on video processing and quality metrics for consumer electronics},
  volume={7},
  number={2},
  pages={2117--2128},
  year={2005},
  organization={sn}
}
%vsnr
@ARTICLE{vsnr,
  author={Chandler, Damon M. and Hemami, Sheila S.},
  journal={IEEE Transactions on Image Processing}, 
  title={VSNR: A Wavelet-Based Visual Signal-to-Noise Ratio for Natural Images}, 
  year={2007},
  volume={16},
  number={9},
  pages={2284-2298},
  doi={10.1109/TIP.2007.901820}}
  
@article{mittal2012no,
  title={No-reference image quality assessment in the spatial domain},
  author={Mittal, Anish and Moorthy, Anush Krishna and Bovik, Alan Conrad},
  journal={IEEE Transactions on image processing},
  volume={21},
  number={12},
  pages={4695--4708},
  year={2012},
  publisher={IEEE}
}

@article{mittal2012making,
  title={Making a “completely blind” image quality analyzer},
  author={Mittal, Anish and Soundararajan, Rajiv and Bovik, Alan C},
  journal={IEEE Signal processing letters},
  volume={20},
  number={3},
  pages={209--212},
  year={2012},
  publisher={IEEE}
}

% CNNIQA
@inproceedings{kang2014convolutional,
  title={Convolutional neural networks for no-reference image quality assessment},
  author={Kang, Le and Ye, Peng and Li, Yi and Doermann, David},
  booktitle={Proceedings of the IEEE conference on computer vision and pattern recognition},
  pages={1733--1740},
  year={2014}
}

% WSP
@inproceedings{su2020blind,
  title={Blind natural image quality prediction using convolutional neural networks and weighted spatial pooling},
  author={Su, Yicheng and Korhonen, Jari},
  booktitle={2020 IEEE International Conference on Image Processing (ICIP)},
  pages={191--195},
  year={2020},
  organization={IEEE}
}

% WSP
@article{DBLP:journals/corr/HeZRS15,
  author       = {Kaiming He and
                  Xiangyu Zhang and
                  Shaoqing Ren and
                  Jian Sun},
  title        = {Deep Residual Learning for Image Recognition},
  journal      = {CoRR},
  volume       = {abs/1512.03385},
  year         = {2015},
  url          = {http://arxiv.org/abs/1512.03385},
  eprinttype    = {arXiv},
  eprint       = {1512.03385},
  timestamp    = {Wed, 25 Jan 2023 11:01:16 +0100},
  biburl       = {https://dblp.org/rec/journals/corr/HeZRS15.bib},
  bibsource    = {dblp computer science bibliography, https://dblp.org}
}

% CLIPIQA
@inproceedings{wang2022exploring,
    author = {Wang, Jianyi and Chan, Kelvin CK and Loy, Chen Change},
    title = {Exploring CLIP for Assessing the Look and Feel of Images},
    booktitle = {AAAI},
    year = {2023}
}

% MANIQA
@inproceedings{yang2022maniqa,
  title={Maniqa: Multi-dimension attention network for no-reference image quality assessment},
  author={Yang, Sidi and Wu, Tianhe and Shi, Shuwei and Lao, Shanshan and Gong, Yuan and Cao, Mingdeng and Wang, Jiahao and Yang, Yujiu},
  booktitle={Proceedings of the IEEE/CVF Conference on Computer Vision and Pattern Recognition},
  pages={1191--1200},
  year={2022}
}

% HYPERIQA
@inproceedings{su2020blindly,
  title={Blindly assess image quality in the wild guided by a self-adaptive hyper network},
  author={Su, Shaolin and Yan, Qingsen and Zhu, Yu and Zhang, Cheng and Ge, Xin and Sun, Jinqiu and Zhang, Yanning},
  booktitle={Proceedings of the IEEE/CVF Conference on Computer Vision and Pattern Recognition},
  pages={3667--3676},
  year={2020}
}

% TRES
@inproceedings{golestaneh2022no,
  title={No-reference image quality assessment via transformers, relative ranking, and self-consistency},
  author={Golestaneh, S Alireza and Dadsetan, Saba and Kitani, Kris M},
  booktitle={Proceedings of the IEEE/CVF Winter Conference on Applications of Computer Vision},
  pages={1220--1230},
  year={2022}
}

% METAIQA
@inproceedings{zhu2020metaiqa,
  title={MetaIQA: Deep meta-learning for no-reference image quality assessment},
  author={Zhu, Hancheng and Li, Leida and Wu, Jinjian and Dong, Weisheng and Shi, Guangming},
  booktitle={Proceedings of the IEEE/CVF Conference on Computer Vision and Pattern Recognition},
  pages={14143--14152},
  year={2020}
}

% RANKIQA
@inproceedings{liu2017rankiqa,
  title={Rankiqa: Learning from rankings for no-reference image quality assessment},
  author={Liu, Xialei and Van De Weijer, Joost and Bagdanov, Andrew D},
  booktitle={Proceedings of the IEEE international conference on computer vision},
  pages={1040--1049},
  year={2017}
}

% VSFA
@inproceedings{li2019quality,
  title={Quality assessment of in-the-wild videos},
  author={Li, Dingquan and Jiang, Tingting and Jiang, Ming},
  booktitle={Proceedings of the 27th ACM International Conference on Multimedia},
  pages={2351--2359},
  year={2019}
}

% LINEARITY

@inproceedings{li2020norm,
  title={Norm-in-norm loss with faster convergence and better performance for image quality assessment},
  author={Li, Dingquan and Jiang, Tingting and Jiang, Ming},
  booktitle={Proceedings of the 28th ACM International Conference on Multimedia},
  pages={789--797},
  year={2020}
}

% KONIQ
@article{hosu2020koniq,
  title={KonIQ-10k: An ecologically valid database for deep learning of blind image quality assessment},
  author={Hosu, Vlad and Lin, Hanhe and Sziranyi, Tamas and Saupe, Dietmar},
  journal={IEEE Transactions on Image Processing},
  volume={29},
  pages={4041--4056},
  year={2020},
  publisher={IEEE}
}

% SPAQ
@inproceedings{fang2020perceptual,
  title={Perceptual quality assessment of smartphone photography},
  author={Fang, Yuming and Zhu, Hanwei and Zeng, Yan and Ma, Kede and Wang, Zhou},
  booktitle={Proceedings of the IEEE/CVF Conference on Computer Vision and Pattern Recognition},
  pages={3677--3686},
  year={2020}
}

% NIMA
@article{talebi2018nima,
  title={NIMA: Neural image assessment},
  author={Talebi, Hossein and Milanfar, Peyman},
  journal={IEEE transactions on image processing},
  volume={27},
  number={8},
  pages={3998--4011},
  year={2018},
  publisher={IEEE}
}

% MDTVSFA
@article{li2021unified,
  title={Unified quality assessment of in-the-wild videos with mixed datasets training},
  author={Li, Dingquan and Jiang, Tingting and Jiang, Ming},
  journal={International Journal of Computer Vision},
  volume={129},
  pages={1238--1257},
  year={2021},
  publisher={Springer}
}

% FPR
@article{chen2022no,
  title={No-Reference Image Quality Assessment by Hallucinating Pristine Features},
  author={Chen, Baoliang and Zhu, Lingyu and Kong, Chenqi and Zhu, Hanwei and Wang, Shiqi and Li, Zhu},
  journal={IEEE Transactions on Image Processing},
  volume={31},
  pages={6139--6151},
  year={2022},
  publisher={IEEE}
}

@article{brill2004accuracy,
  title={Accuracy and cross-calibration of video quality metrics: new methods from ATIS/T1A1},
  author={Brill, Michael H and Lubin, Jeffrey and Costa, Pierre and Wolf, Stephen and Pearson, John},
  journal={Signal Processing: Image Communication},
  volume={19},
  number={2},
  pages={101--107},
  year={2004},
  publisher={Elsevier}
}

@inproceedings{ciaramello2011systematic,
  title={Systematic stress testing of image quality estimators},
  author={Ciaramello, Frank M and Reibman, Amy R},
  booktitle={2011 18th IEEE International Conference on Image Processing},
  pages={3101--3104},
  year={2011},
  organization={IEEE}
}

@article{wassersteindist,
 ISSN = {00251909, 15265501},
 URL = {http://www.jstor.org/stable/2627082},
 author = {L. V. Kantorovich},
 journal = {Management Science},
 number = {4},
 pages = {366--422},
 publisher = {INFORMS},
 title = {Mathematical Methods of Organizing and Planning Production},
 urldate = {2023-06-04},
 volume = {6},
 year = {1960}
}

@book{energydist,
author = {Klebanov, Lev},
year = {2005},
month = {01},
pages = {},
title = {N-Distances and their Applications}
}

@inproceedings{
    korotin2023neural,
    title={Neural Optimal Transport},
    author={Korotin, Alexander and Selikhanovych, Daniil and Burnaev, Evgeny},
    booktitle={International Conference on Learning Representations},
    year={2023},
    url={https://openreview.net/forum?id=d8CBRlWNkqH}
}

@article{verlet,
  title = {Computer "Experiments" on Classical Fluids. I. Thermodynamical Properties of Lennard-Jones Molecules},
  author = {Verlet, Loup},
  journal = {Phys. Rev.},
  volume = {159},
  issue = {1},
  pages = {98--103},
  numpages = {0},
  year = {1967},
  month = {Jul},
  publisher = {American Physical Society},
  doi = {10.1103/PhysRev.159.98},
  url = {https://link.aps.org/doi/10.1103/PhysRev.159.98}
}

@article{lennard-jones,
	author = {Martin H. Müser, Sergey V. Sukhomlinov and Lars Pastewka},
	title = {Interatomic potentials: achievements and challenges},
	journal = {Advances in Physics: X},
	volume = {8},
	number = {1},
	pages = {2093129},
	year = {2023},
	publisher = {Taylor \& Francis},
	doi = {10.1080/23746149.2022.2093129},
	URL = { 
	https://doi.org/10.1080/23746149.2022.2093129
	},
	eprint = {
	https://doi.org/10.1080/23746149.2022.2093129
	}
}

@article{berendsen,
	author = {Berendsen, H. J. C. and Postma, J. P. M. and van Gunsteren, W. F. and DiNola, A. and Haak, J. R.},
	title = "{Molecular dynamics with coupling to an external bath}",
	journal = {The Journal of Chemical Physics},
	volume = {81},
	number = {8},
	pages = {3684-3690},
	year = {1984},
	month = {10},
	issn = {0021-9606},
	doi = {10.1063/1.448118},
	url = {https://doi.org/10.1063/1.448118},
	eprint = {https://pubs.aip.org/aip/jcp/article-pdf/81/8/3684/18950084/3684\_1\_online.pdf},
}

@misc{MakayOriginal,
  title        = {Mackay Icosahedron Structure Generator},
  author       = {Yanting Wang},
  year         = 2003,
  note         = {\url{https://www.pas.rochester.edu/~wangyt/algorithms/ih/} [Accessed: 15.02.2025]}
}

@misc{MakayPastewka,
  title        = {Mackay Icosahedron Structure Generator implementation},
  author       = {Lars Pastweka},
  year         = 2022,
  note         = {\url{https://pastewka.github.io/MolecularDynamics/_project/mackay.zip} [Accessed: 15.02.2025]}
}

@article{ducastelle1970modules,
  title={Modules {\'e}lastiques des m{\'e}taux de transition},
  author={Ducastelle, F},
  journal={Journal de Physique},
  volume={31},
  number={11-12},
  pages={1055--1062},
  year={1970},
  publisher={Soci{\'e}t{\'e} Fran{\c{c}}aise de Physique}
}

@article{gupta,
  title = {Lattice relaxation at a metal surface},
  author = {Gupta, Raju P.},
  journal = {Phys. Rev. B},
  volume = {23},
  issue = {12},
  pages = {6265--6270},
  numpages = {0},
  year = {1981},
  month = {Jun},
  publisher = {American Physical Society},
  doi = {10.1103/PhysRevB.23.6265},
  url = {https://link.aps.org/doi/10.1103/PhysRevB.23.6265}
}

@article{CleriRosato,
  title = {Tight-binding potentials for transition metals and alloys},
  author = {Cleri, Fabrizio and Rosato, Vittorio},
  journal = {Phys. Rev. B},
  volume = {48},
  issue = {1},
  pages = {22--33},
  numpages = {0},
  year = {1993},
  month = {Jul},
  publisher = {American Physical Society},
  doi = {10.1103/PhysRevB.48.22},
  url = {https://link.aps.org/doi/10.1103/PhysRevB.48.22}
}

